<?xml version="1.0" encoding="UTF-8"?><record xmlns="http://www.loc.gov/MARC21/slim" xmlns:cinclude="http://apache.org/cocoon/include/1.0" xmlns:zs="http://www.loc.gov/zing/srw/">
  <leader>00386cz  a2200121n  4500</leader>
  <controlfield tag="001">n  94086789 </controlfield>
  <controlfield tag="003">DLC</controlfield>
  <controlfield tag="005">19940914133821.0</controlfield>
  <controlfield tag="008">940909n| acannaab|          |n aaa |||  </controlfield>
  <datafield tag="010" ind1=" " ind2=" ">
    <subfield code="a">n  94086789 </subfield>
  </datafield>
  <datafield tag="040" ind1=" " ind2=" ">
    <subfield code="a">DLC</subfield>
    <subfield code="c">DLC</subfield>
    <subfield code="d">DLC</subfield>
  </datafield>
  <datafield tag="100" ind1="1" ind2="0">
    <subfield code="a">Herzau, Andreas,</subfield>
    <subfield code="d">1947-</subfield>
  </datafield>
  <datafield tag="670" ind1=" " ind2=" ">
    <subfield code="a">TaĚrrega, F. Recuerdos de la Alhambra, 1990:</subfield>
    <subfield code="b">t.p. (Andreas Herzau) back cover (b. 1947 in Neubrandenburg (Mecklenburg))</subfield>
  </datafield>
</record>